@Manual{R-dplyr,
  title = {dplyr: A Grammar of Data Manipulation},
  author = {Hadley Wickham and Romain Francois and Lionel Henry and Kirill MÃ¼ller},
  year = {2017},
  note = {R package version 0.7.2},
  url = {https://CRAN.R-project.org/package=dplyr},
}
@Manual{R-gutenbergr,
  title = {gutenbergr: Download and Process Public Domain Works from Project Gutenberg},
  author = {David Robinson},
  year = {2017},
  note = {R package version 0.1.3},
  url = {https://CRAN.R-project.org/package=gutenbergr},
}
@Manual{R-tm,
  title = {tm: Text Mining Package},
  author = {Ingo Feinerer and Kurt Hornik},
  year = {2017},
  note = {R package version 0.7-1},
  url = {https://CRAN.R-project.org/package=tm},
}
@Manual{R-wordcloud,
  title = {wordcloud: Word Clouds},
  author = {Ian Fellows},
  year = {2014},
  note = {R package version 2.5},
  url = {https://CRAN.R-project.org/package=wordcloud},
}
