@book{
author={Julia Silge and David Robinson},
title={Text Mining with R: A Tidy Approach},
year={2017}
publisher={O'Reily}
}